@article{Gonthier08,
    author = {Gonthier, Georges},
    citeulike-article-id = {3749938},
    citeulike-linkout-0 = {http://www.ams.org/notices/200811/tx081101382p.pdf},
    journal = {Notices of the American Mathematical Society},
    keywords = {2008, formal, mathematics, proof},
    month = dec,
    number = {11},
    pages = {1382--1393},
    posted-at = {2008-12-05 11:47:02},
    priority = {2},
    title = {{Formal Proof -- The Four-Color Theorem}},
    url = {http://www.ams.org/notices/200811/tx081101382p.pdf},
    volume = {55},
    year = {2008}
}

@article{falseproof,
title = {How false is Kempeâ€™s proof of the Four Color Theorem?},
author= {Ellen, Gethner and Bopanna, Kallichanda and Alexander, Mentis and Sarah, Braudrick and Sumeet, Chawla and Andrew, Clune and Rachel, Drummond and Panagiota, Evans and William, Roche and Nao Takano},
journal = {Involve - a journal of mathematics},
number = {3},
volume = {2},
year = {2009}
}

@inproceedings{odd,
  TITLE = {{A Machine-Checked Proof of the Odd Order Theorem}},
  AUTHOR = {Gonthier, Georges and Asperti, Andrea and Avigad, Jeremy and Bertot, Yves and Cohen, Cyril and Garillot, Fran{\c c}ois and Le Roux, St{\'e}phane and Mahboubi, Assia and O'Connor, Russell and Ould Biha, Sidi and Pasca, Ioana and Rideau, Laurence and Solovyev, Alexey and Tassi, Enrico and Th{\'e}ry, Laurent},
  URL = {https://hal.inria.fr/hal-00816699},
  BOOKTITLE = {{ITP 2013, 4th Conference on Interactive Theorem Proving}},
  ADDRESS = {Rennes, France},
  EDITOR = {Sandrine Blazy and Christine Paulin and David Pichardie},
  PUBLISHER = {{Springer}},
  SERIES = {LNCS},
  VOLUME = {7998},
  PAGES = {163-179},
  YEAR = {2013},
  MONTH = Jul,
  DOI = {10.1007/978-3-642-39634-2\_14},
  PDF = {https://hal.inria.fr/hal-00816699/file/main.pdf},
  HAL_ID = {hal-00816699},
  HAL_VERSION = {v1},
}

@book{Knuth92,
  author    = {Donald E. Knuth},
  title     = {Axioms and Hulls},
  series    = {Lecture Notes in Computer Science},
  volume    = {606},
  publisher = {Springer},
  year      = {1992},
  url       = {https://doi.org/10.1007/3-540-55611-7},
  doi       = {10.1007/3-540-55611-7},
  isbn      = {3-540-55611-7},
  timestamp = {Tue, 16 May 2017 14:01:44 +0200},
  biburl    = {http://dblp.uni-trier.de/rec/bib/books/sp/Knuth92},
  bibsource = {dblp computer science bibliography, http://dblp.org}
}

@article{CelCov,
  author    = {Jose N Portela and Marcelo S Alencar},
  title     = {Cellular Coverage Map as a Voronoi Diagram},
  year      = {2008},
  journal   = {Journal of Communication and Information Systems},
  volume    = {23}
}

@INPROCEEDINGS{PathPla,
author={S. Garrido and L. Moreno and D. Blanco},
booktitle={Proceedings 2006 IEEE International Conference on Robotics and Automation, 2006. ICRA 2006.},
title={Voronoi diagram and fast marching applied to path planning},
year={2006},
pages={3049-3054},
keywords={computational geometry;mobile robots;path planning;Voronoi diagram;mobile robots;path planning;second step fast marching method;unidimensional map;Image generation;Mobile robots;Navigation;Orbital robotics;Path planning;Safety;Security;Shape;Skeleton;Trajectory},
doi={10.1109/ROBOT.2006.1642165},
ISSN={1050-4729},
month={May},}

@article{Del,
title = "A comparison of sequential Delaunay triangulation algorithms",
journal = "Computational Geometry",
volume = "7",
number = "5",
pages = "361 - 385",
year = "1997",
note = "",
issn = "0925-7721",
doi = "http://dx.doi.org/10.1016/S0925-7721(96)00025-9",
url = "http://www.sciencedirect.com/science/article/pii/S0925772196000259",
author = "Peter Su and Robert L. Scot Drysdale",
keywords = "Voronoi diagram",
keywords = "Delaunay triangulation",
keywords = "Experimental analysis of algorithms",
keywords = "Practical algorithms"
}@article{SU1997361,
title = "A comparison of sequential Delaunay triangulation algorithms",
journal = "Computational Geometry",
volume = "7",
number = "5",
pages = "361 - 385",
year = "1997",
note = "",
issn = "0925-7721",
doi = "http://dx.doi.org/10.1016/S0925-7721(96)00025-9",
url = "http://www.sciencedirect.com/science/article/pii/S0925772196000259",
author = "Peter Su and Robert L. Scot Drysdale",
keywords = "Voronoi diagram",
keywords = "Delaunay triangulation",
keywords = "Experimental analysis of algorithms",
keywords = "Practical algorithms"
}

@InProceedings{Hull,
author = "David Pichardie and Yves Bertot",
title = {{Formalizing Convex Hulls Algorithms}},
booktitle = "Proc.\ of 14th International Conference on Theorem Proving in Higher Order Logics (TPHOLs'01)",
year = "2001",
pages = "346--361",
number = "2152",
series = "Lecture Notes in Computer Science",
publisher = "{Springer-Verlag}",

}

@book{CompGeoAlgo,
 author = {Berg, Mark de and Cheong, Otfried and Kreveld, Marc van and Overmars, Mark},
 title = {Computational Geometry: Algorithms and Applications},
 year = {2008},
 isbn = {3540779736, 9783540779735},
 edition = {3rd ed.},
 publisher = {Springer-Verlag TELOS},
 address = {Santa Clara, CA, USA},
}

@inproceedings{IncrementalDimension,
 author = {Edelsbrunner, H. and Shah, N. R.},
 title = {Incremental Topological Flipping Works for Regular Triangulations},
 booktitle = {Proceedings of the Eighth Annual Symposium on Computational Geometry},
 series = {SCG '92},
 year = {1992},
 isbn = {0-89791-517-8},
 location = {Berlin, Germany},
 pages = {43--52},
 numpages = {10},
 url = {http://doi.acm.org/10.1145/142675.142688},
 doi = {10.1145/142675.142688},
 acmid = {142688},
 publisher = {ACM},
 address = {New York, NY, USA},
}


@inproceedings{Comparison,
 author = {Su, Peter and Drysdale, Robert L. Scot},
 title = {A Comparison of Sequential Delaunay Triangulation Algorithms},
 booktitle = {Proceedings of the Eleventh Annual Symposium on Computational Geometry},
 series = {SCG '95},
 year = {1995},
 isbn = {0-89791-724-3},
 location = {Vancouver, British Columbia, Canada},
 pages = {61--70},
 numpages = {10},
 url = {http://doi.acm.org/10.1145/220279.220286},
 doi = {10.1145/220279.220286},
 acmid = {220286},
 publisher = {ACM},
 address = {New York, NY, USA},
}


@article{AlgoDivide,
 author = {Guibas, Leonidas and Stolfi, Jorge},
 title = {Primitives for the Manipulation of General Subdivisions and the Computation of Voronoi},
 journal = {ACM Trans. Graph.},
 issue_date = {April 1985},
 volume = {4},
 number = {2},
 month = apr,
 year = {1985},
 issn = {0730-0301},
 pages = {74--123},
 numpages = {50},
 url = {http://doi.acm.org/10.1145/282918.282923},
 doi = {10.1145/282918.282923},
 acmid = {282923},
 publisher = {ACM},
 address = {New York, NY, USA},
 keywords = {Euler operators, Voronoi and Delaunay diagrams, closest point, computational topology, convex hull, geometric primitives, nearest neighbours, planar graphs, point location, representation of polynedra, trianglations},
}

@Inbook{Automath,
author="de Bruijn, N. G.",
editor="Laudet, M.
and Lacombe, D.
and Nolin, L.
and Sch{\"u}tzenberger, M.",
title="The mathematical language AUTOMATH, its usage, and some of its extensions",
bookTitle="Symposium on Automatic Demonstration: Held at Versailles/France, December 1968",
year="1970",
publisher="Springer Berlin Heidelberg",
address="Berlin, Heidelberg",
pages="29--61",
isbn="978-3-540-36262-3",
doi="10.1007/BFb0060623",
url="http://dx.doi.org/10.1007/BFb0060623"
}


@inproceedings{Morphing,
 author = {Alexa, Marc and Cohen-Or, Daniel and Levin, David},
 title = {As-rigid-as-possible Shape Interpolation},
 booktitle = {Proceedings of the 27th Annual Conference on Computer Graphics and Interactive Techniques},
 series = {SIGGRAPH '00},
 year = {2000},
 isbn = {1-58113-208-5},
 pages = {157--164},
 numpages = {8},
 url = {http://dx.doi.org/10.1145/344779.344859},
 doi = {10.1145/344779.344859},
 acmid = {344859},
 publisher = {ACM Press/Addison-Wesley Publishing Co.},
 address = {New York, NY, USA},
 keywords = {compatible triangulation, shape blending, vertex path problem},
}

@Inbook{Bertot,
author="Dufourd, Jean-Fran{\c{c}}ois
and Bertot, Yves",
editor="Kaufmann, Matt
and Paulson, Lawrence C.",
title="Formal Study of Plane Delaunay Triangulation",
bookTitle="Interactive Theorem Proving: First International Conference, ITP 2010, Edinburgh, UK, July 11-14, 2010. Proceedings",
year="2010",
publisher="Springer Berlin Heidelberg",
address="Berlin, Heidelberg",
pages="211--226",
isbn="978-3-642-14052-5",
doi="10.1007/978-3-642-14052-5_16",
url="http://dx.doi.org/10.1007/978-3-642-14052-5_16"
}


@misc{finmap,
  author = {Cyril Cohen},
  title = {{The Finmap library}},
  howpublished = "\url{https://github.com/Barbichu/finmap}",
  year = {2015}, 
  note = "[Online; accessed 7-June-2017]"
}

@techreport{cgal,
  TITLE = {{On the Design of CGAL, the Computational Geometry Algorithms Library}},
  AUTHOR = {Fabri, Andreas and Giezeman, Geert-Jan and Kettner, Lutz and Schirra, Stefan and Sch{\"o}nherr, Sven},
  URL = {https://hal.inria.fr/inria-00073283},
  NUMBER = {RR-3407},
  INSTITUTION = {{INRIA}},
  YEAR = {1998},
  MONTH = Apr,
  KEYWORDS = {LIBRARY ; COMPUTATIONAL GEOMETRY ; SOFTWARE},
  PDF = {https://hal.inria.fr/inria-00073283/file/RR-3407.pdf},
  HAL_ID = {inria-00073283},
  HAL_VERSION = {v1},
}

@article{proof4,
author = "Appel, K. and Haken, W.",
fjournal = "Illinois Journal of Mathematics",
journal = "Illinois J. Math.",
month = "09",
number = "3",
pages = "429--490",
publisher = "University of Illinois at Urbana-Champaign, Department of Mathematics",
title = "Every planar map is four colorable. Part I: Discharging",
url = "http://projecteuclid.org/euclid.ijm/1256049011",
volume = "21",
year = "1977"
}

@inproceedings{elliptic,
  TITLE = {{A Formal Library for Elliptic Curves in the Coq Proof Assistant}},
  AUTHOR = {Bartzia, Evmorfia-Iro and Strub, Pierre-Yves},
  URL = {https://hal.inria.fr/hal-01102288},
  BOOKTITLE = {{Interactive Theorem Proving}},
  ADDRESS = {Vienna, Austria},
  EDITOR = {Gerwin Klein and Ruben Gamboa},
  PUBLISHER = {{Springer}},
  SERIES = {Lecture Notes in Computer Science},
  VOLUME = {8558},
  PAGES = {77-92},
  YEAR = {2014},
  MONTH = Jul,
  DOI = {10.1007/978-3-319-08970-6\_6},
  PDF = {https://hal.inria.fr/hal-01102288/file/A-Formal-Library-for-Elliptic-Curves-in-the-Coq-Proof-Assistant.pdf},
  HAL_ID = {hal-01102288},
  HAL_VERSION = {v1},
}


@inproceedings{petri,
 author = {Yamamoto, Mitsuharu and Sekine, Shogo and Matsumoto, Saki},
 title = {Formalization of Karp-Miller Tree Construction on Petri Nets},
 booktitle = {Proceedings of the 6th ACM SIGPLAN Conference on Certified Programs and Proofs},
 series = {CPP 2017},
 year = {2017},
 isbn = {978-1-4503-4705-1},
 location = {Paris, France},
 pages = {66--78},
 numpages = {13},
 url = {http://doi.acm.org/10.1145/3018610.3018626},
 doi = {10.1145/3018610.3018626},
 acmid = {3018626},
 publisher = {ACM},
 address = {New York, NY, USA},
 keywords = {Certified decision procedure, Coq, Karp-Miller tree, Petri net, Ssreflect},
}

@inproceedings{lawson,
  title={On the total correctness of lawson's oriented walk algorithm.},
  author={Weller, Frank},
  booktitle={CCCG},
  year={1998}
}
